@misc{silva2024github,
  author       = {Alex Silva},
  title        = {CuboUCI},
  year         = {2024},
  howpublished = {\url{https://github.com/AlexSilvaa9/CuboUCI}},
  note         = {Último acceso: 1 octubre 2024}
}

@misc{eicu_crd,
	author       = {MIT Laboratory for Computational Physiology},
	title        = {{eICU Collaborative Research Database}},
	year         = {2020},
	howpublished = {\url{https://eicu-crd.mit.edu/}},
	note         = {Último acceso: 8 noviembre 2024}
}

@manual{sqlserver_managementstudio,
    title        = "SQL Server Management Studio",
    author       = "Microsoft Corporation",
    year         = "2024",
    url          = "https://learn.microsoft.com/en-us/sql/ssms/sql-server-management-studio-ssms",
    note         = "Herramienta de gestión para SQL Server, utilizada para visualizar el modelo lógico"
}
