@misc{silva2024github,
  author       = {Alex Silva},
  title        = {HealthcareDataWarehouse},
  year         = {2024},
  howpublished = {\url{https://github.com/AlexSilvaa9/HealthcareDataWarehouse}},
  note         = {Último acceso: 1 octubre 2024}
}

@misc{eicu_crd,
	author       = {MIT Laboratory for Computational Physiology},
	title        = {{eICU Collaborative Research Database}},
	year         = {2020},
	howpublished = {\url{https://eicu-crd.mit.edu/}},
	note         = {Último acceso: 8 noviembre 2024}
}

@manual{drawio,
    title        = {{draw.io}: Diagram Software},
    author       = {JGraph Ltd.},
    year         = {2024},
    url          = {https://www.draw.io},
    note         = {Versión en línea para diagramas de flujo y diseño de bases de datos}
}

@manual{oracle_datamodeler,
    title        = {Oracle SQL Developer Data Modeler},
    author       = {Oracle Corporation},
    year         = {2024},
    url          = {https://www.oracle.com/database/technologies/appdev/sql-developer-data-modeler.html},
    note         = {Herramienta para modelado de bases de datos, permite diseñar diagramas ER}
}
@manual{sqlserver_managementstudio,
    title        = "SQL Server Management Studio",
    author       = "Microsoft Corporation",
    year         = "2024",
    url          = "https://learn.microsoft.com/en-us/sql/ssms/sql-server-management-studio-ssms",
    note         = "Herramienta de gestión para SQL Server, utilizada para visualizar el modelo lógico"
}
