
@misc{silva2024github,
  author       = {Alex Silva},
  title        = {HealthcareDataWarehouse},
  year         = {2024},
  howpublished = {\url{https://github.com/AlexSilvaa9/HealthcareDataWarehouse}},
  note         = {Ãšltimo acceso: 1 octubre 2024}
}

